%@Book{buch,
%	author = {Max Mustermann},
%	title = {Ich bin ein Buch},
%	publisher = {Verlag},
%	year = {2013}
%}

@article{fettke2006state,
  title={State-of-the-Art des State-of-the-Art},
  author={Fettke, Dipl-Wirt-Inf Peter},
  journal={Wirtschaftsinformatik},
  volume={48},
  number={4},
  pages={257--266},
  year={2006},
  publisher={Springer}
}

@article{hedges1993research,
  title={RESEARCH SYNTHESIS AS A SCIENTIFIC ENTERPRISE},
  author={HEDGES, HARRIS COOPER LARRY V},
  journal={The Handbook of Research Synthesis},
  pages={3},
  year={1993},
  publisher={Russell Sage Foundation}
}



@article{webster2002analyzing,
  title={Analyzing the past to prepare for the future: Writing a literature review},
  author={Webster, Jane and Watson, Richard T},
  journal={Management Information Systems Quarterly},
  volume={26},
  number={2},
  pages={3},
  year={2002}
}

@article{Rahm2000,
    author  = "Erhard Rahm, Hong Hai Do",
    title   = "Data cleaning: Problems and current approaches",
    journal = "IEEE Data Eng. Bull.",
    year    = "2000/12/1"
}
%Wang verweis%
@article{weber,
  title={Data Governance: Organisationskonzept f{\"u}r das konzernweite Datenqualit{\"a}tsmanagement},
  author={Weber, Kristin and Otto, Boris and {\"O}sterle, Hubert},
  year={2009},
  publisher={{\"O}sterreichische Computer Gesellschaft}
}

%Wang verweis%
@article{naumann,
  title={Datenqualit{\"a}t},
  author={Naumann, Felix},
  journal={Informatik-Spektrum},
  volume={30},
  number={1},
  pages={27--31},
  year={2007},
  publisher={Springer}
}



%------------------------------------------------------------%

@Book{redman, author = {Redman, Thomas}, title = {Data quality for the information age}, publisher = {Artech House}, year = {1996}, address = {Boston}, isbn = {0890068836} }


%Datenqualit채t%
@article{wang,
  title={Beyond accuracy: What data quality means to data consumers},
  author={Wang, Richard Y and Strong, Diane M},
  journal={Journal of management information systems},
  pages={5--33},
  year={1996},
  publisher={JSTOR}
}

%------------------------------------------------------------%

%Datenqualit채t%
@book{helmut2005,
  title={Informationsmanagement},
  author={Helmut Krcmar},
  isbn={9783540270355},
  url={http://books.google.de/books?id=AEJ2a\_Rxl-0C},
  year={2005},
  publisher={Springer}
}
@article{Treiblmaier,
year={2006},
isbn={978-3-8350-0189-3},
booktitle={Datenqualit채t und individualisierte Kommunikation},
doi={10.1007/978-3-8350-9035-4_2},
title={Datenqualit채t},
url={http://dx.doi.org/10.1007/978-3-8350-9035-4_2},
publisher={DUV},
pages={19-58},
language={German}
}

@book{mertins,
  title={Wissensmanagement im Mittelstand: Grundlagen-L{\"o}sungen-Praxisbeispiele},
  author={Mertins, Kai and Seidel, Holger},
  year={2009},
  publisher={Springer}
}
@book{north,
  title={Wissen in Organisationen},
  author={North, Klaus},
  booktitle={Wissensorientierte Unternehmensf{\"u}hrung},
  pages={35--68},
  year={2011},
  publisher={Springer}
}

@book{rehauser,
  title={Wissensmanagement in Unternehmen},
  author={Reh{\"a}user, Jakob and Krcmar, Helmut},
  year={1996},
  publisher={Lehrstuhl f{\"u}r Wirtschaftsinformatik, Univ. Hohenheim}
}

@book{krcmar2011,
  title={Einf{\"u}hrung in das Informationsmanagement},
  author={Krcmar, Helmut},
  year={2011},
  publisher={Springer}
}

@inproceedings{turner,
  title={Defining and measuring traffic data quality},
  author={Turner, Shawn and others},
  booktitle={Proceedings of the Traffic Data Quality Workshop, Washington, DC},
  year={2002}
}

@book{hildebrand2008daten,
  title={Daten-und Informationsqualit{\"a}t: auf dem Weg zur Information excellence},
  author={Hildebrand, Knut},
  year={2008},
  publisher={Springer-Verlag}
}

@article{WiLis,
year={2008},
issn={0937-6429},
journal={WIRTSCHAFTSINFORMATIK},
volume={50},
number={2},
doi={10.1365/s11576-008-0040-2},
title={WI-Orientierungslisten},
url={http://dx.doi.org/10.1365/s11576-008-0040-2},
publisher={Vieweg Verlag},
pages={155-163},
language={German}
}
%@ONLINE{online,
%	author = {Daniel Brettschneider},
%	title = {Daniel Brettschneiders Blog},
%	url = {http://www.daniel-brettschneider.de},
%	note = {Zugriff: 15.02.2013, Archiviert mit %WebCite\textsuperscript{\textregistered}: %\url{http://www.webcitation.org/6ESWiGbhw}}
%}
